@article{cochoy2011perlin,
  author = {Jérémy Cochoy},
  title = {Introduction au bruit de Perlin},
  year = {2011}
}
@book{prieur2019pygame,
  author = {Benoît Prieur},
  title = {Pygame : Initiez-vous au développement de jeux vidéo en Python},
  year = {2019},
  publisher = {Editions ENI}
}